% Encoding: UTF-8
@book{Knuth1998,
 author = {Knuth, Donald E.},
 title = {The art of computer programming,  volume 3: (2nd ed.) sorting and searching},
 year = {1998},
 publisher = {Addison Wesley Longman Publishing Co., Inc.},
 address = {Redwood City, CA, USA}
}

@book{Pollefliet2011,
  author = {Pollefliet, Leen},
  title = {Schrijven van verslag tot eindwerk: do's en don'ts},
  year = {2011},
  publisher = {Academia Press},
  address = {Gent}
}

@article{Creeger2009,
  author = {Creeger, Mache},
  journal = {Communications of the ACM},
  number = {8},
  pages = {50--56},
  title = {{CTO Roundtable: Cloud Computing}},
  volume = {52},
  year = {2009}
}

@Electronic{W3Techs2019,
  author = {W3Techs},
  month  = mar,
  year   = {2019},
  title  = {Usage of JavaScript for websites},
  url    = {https://w3techs.com/technologies/details/cp-javascript/all/all},
}

@Electronic{Angular2019,
  author = {Angular},
  year   = {2019},
  title  = {Angular Docs},
  url    = {https://angular.io/docs},
}

@Electronic{Vaadin2019,
  author = {Vaadin},
  year   = {2019},
  title  = {Vaadin Documentation},
  url    = {https://vaadin.com/docs/v13/flow/introduction/introduction-overview.html},
}

@Electronic{ProductPlan2019,
  author = {ProductPlan},
  year   = {2019},
  title  = {Product Management: MoSCoW Prioritization},
  url    = {https://www.productplan.com/glossary/moscow-prioritization/},
}

@Electronic{itegrators2017,
  author = {Itegrators},
  month  = dec,
  year   = {2017},
  title  = {What Is JavaScript and How Does It Work?},
  url    = {http://itegrators.com/site/en/blog/355-what-is-javascript.html},
}

@Electronic{E-nor2018,
  author = {e-nor},
  month  = oct,
  year   = {2018},
  title  = {Tracking Single-Page Applications with Google Tag Manager},
  url    = {https://www.e-nor.com/blog/google-tag-manager/tracking-single-page-applications-with-google-tag-manager},
}

@Electronic{DanielMissler2017,
  author = {Daniel Missler},
  month  = oct,
  year   = {2017},
  title  = {An MVC Primer},
  url    = {https://danielmiessler.com/study/mvc/},
}

@Electronic{Trivedi2016,
  author = {Jignesh Trivedi},
  month  = sep,
  year   = {2016},
  title  = {Basic Architecture Of Angular 2 Applications},
  url    = {
https://www.c-sharpcorner.com/article/basic-architecture-of-angular-2-applications/},
}

@Electronic{DeveloperSurvey2019,
  author = {StackOverflow},
  year   = {2019},
  title  = {Developer Survey},
  url    = {https://insights.stackoverflow.com/survey/2019},
}

@Electronic{DeveloperSurvey2017,
  author = {StackOverflow},
  year   = {2017},
  title  = {Developer Survey},
  url    = {https://insights.stackoverflow.com/survey/2017},
}

@Electronic{DeveloperSurvey2018,
  author = {StackOverflow},
  year   = {2018},
  title  = {Developer Survey},
  url    = {https://insights.stackoverflow.com/survey/2018},
}

@Electronic{GoogleTrends2019,
  author = {Google},
  month  = apr,
  year   = {2019},
  title  = {Google Trends},
  url    = {https://trends.google.nl/trends/explore?date=today%205-y&q=vaadin,angular},
}

@Electronic{dartlang2019,
  author = {Dart},
  year   = {2019},
  title  = {Lifecycle Hooks},
  url    = {https://webdev.dartlang.org/angular/guide/lifecycle-hooks},
}

@Electronic{Solis2018,
  author = {Aleyda Solis},
  month  = dec,
  year   = {2018},
  title  = {PWAs SEO: Developing Optimized PWAs and How to Validate them},
  url    = {https://www.aleydasolis.com/en/search-engine-optimization/pwas-seo-what-are-they-why-you-need-one-and-how-to-optimize-for-them/},
}

@Electronic{Apache2019,
  author = {Apache},
  year   = {2019},
  title  = {APACHE LICENSE, VERSION 2.0},
  url    = {http://www.apache.org/licenses/LICENSE-2.0},
}

@Electronic{MIT2019,
  author = {Open Source Initiative},
  year   = {2019},
  title  = {The MIT License},
  url    = {https://opensource.org/licenses/MIT},
}

@Electronic{VaadinDemo2019,
  author = {Vaadin},
  year   = {2019},
  title  = {Flow Demos},
  url    = {https://github.com/vaadin/flow-demo},
}

@Comment{jabref-meta: databaseType:bibtex;}
