% Encoding: windows-1252

@Article{Hellberg2017,
  author = {Marcus Hellberg},
  title  = {VAADIN VS ANGULAR COMPARISON},
  year   = {2017},
}

@Electronic{Schlosser2018,
  author = {Hartmut Schlosser},
  title  = {Technology trends 2018: Here are the top frameworks},
  year   = {2018},
  url    = {https://jaxenter.com/technology-trends-2018-frameworks-144575.html},
}

@Comment{jabref-meta: databaseType:biblatex;}
